<?xml version="1.0" encoding="UTF-8"?><collection xmlns="http://www.loc.gov/MARC21/slim"><record><leader>00574nam--2200205-i-4500</leader><controlfield tag="001">000023605</controlfield><controlfield tag="002">20161230</controlfield><controlfield tag="005">20161230201035</controlfield><controlfield tag="008">060222s1000------------r-----000-0-eng-d</controlfield><datafield ind1=" " ind2=" " tag="020"><subfield code="a">0713125217</subfield></datafield><datafield ind1=" " ind2=" " tag="040"><subfield code="a">IFIN-HH</subfield></datafield><datafield ind1=" " ind2=" " tag="080"><subfield code="a">537.533.35</subfield></datafield><datafield ind1="1" ind2=" " tag="100"><subfield code="a">Grundy, P. J</subfield></datafield><datafield ind1="1" ind2="0" tag="245"><subfield code="a">Electron microscopy in the study of materials</subfield><subfield code="c">P.j. grundy, g.a. jones</subfield></datafield><datafield ind1=" " ind2=" " tag="260"><subfield code="a">London</subfield><subfield code="b">Edward Arnold</subfield><subfield code="c">1976</subfield></datafield><datafield ind1=" " ind2=" " tag="300"><subfield code="a">174P</subfield></datafield><datafield ind1=" " ind2=" " tag="490"><subfield code="a">The Structures And Properties Of Solids</subfield><subfield code="v">Volume 7</subfield></datafield><datafield ind1="1" ind2=" " tag="700"><subfield code="a">Jones, G. A</subfield></datafield><datafield ind1=" " ind2=" " tag="852"><subfield code="a">43684</subfield><subfield code="c">537.533.35</subfield></datafield><datafield ind1=" " ind2=" " tag="CAT"><subfield code="a">Sys</subfield><subfield code="c">20110913</subfield><subfield code="h">132051</subfield></datafield></record></collection>